<record><leader>00000cas a22000007a 4500</leader><controlfield tag="001">11602093</controlfield><controlfield tag="008">850121d18681869njuwr ne      0    0eng d</controlfield><datafield ind1=" " ind2=" " tag="010"><subfield code="a">sn 85025209 </subfield></datafield><datafield ind1=" " ind2=" " tag="040"><subfield code="a">NPX</subfield><subfield code="b">eng</subfield><subfield code="c">NPX</subfield><subfield code="d">OCLCQ</subfield></datafield><datafield ind1=" " ind2=" " tag="042"><subfield code="a">msc</subfield></datafield><datafield ind1="0" ind2="0" tag="245"><subfield code="a">Phillipsburg Democrat.</subfield></datafield><datafield ind1=" " ind2=" " tag="260"><subfield code="a">Phillipsburg, N.J. :</subfield><subfield code="b">Charles T. Sigman, William H. Werkheiser</subfield></datafield><datafield ind1=" " ind2=" " tag="300"><subfield code="a">v.</subfield></datafield><datafield ind1=" " ind2=" " tag="310"><subfield code="a">Weekly</subfield></datafield><datafield ind1="1" ind2=" " tag="362"><subfield code="a">Began in Jan. 1868.</subfield><subfield code="z">Cf. New Brunswick daily Fredonian, Jan. 18, 1868.</subfield></datafield><datafield ind1="1" ind2=" " tag="362"><subfield code="a">Ceased in 1869?</subfield><subfield code="z">Cf. Direct. of N.J. newspapers, 1765-1970.</subfield></datafield><datafield ind1=" " ind2=" " tag="500"><subfield code="a">Editors: Charles T. Sigman, &lt;1869&gt;; William H. Werkheiser, &lt;1869&gt;.</subfield></datafield><datafield ind1=" " ind2=" " tag="580"><subfield code="a">Continued by: Warren County Democrat (non-extant?). Cf. Direct. of N.J. newspapers, 1765-1970.</subfield></datafield><datafield ind1=" " ind2=" " tag="588"><subfield code="a">Description based on: Vol. 2, no. 32 (Aug. 19, 1869).</subfield></datafield><datafield ind1=" " ind2=" " tag="752"><subfield code="a">United States</subfield><subfield code="b">New Jersey</subfield><subfield code="c">Warren</subfield><subfield code="d">Phillipsburg.</subfield></datafield><datafield ind1="1" ind2="0" tag="785"><subfield code="t">Warren County Democrat</subfield></datafield><datafield ind1="1" ind2=" " tag="029"><subfield code="a">AU@</subfield><subfield code="b">000025818145</subfield></datafield></record>